%% This BibTeX bibliography file was created using BibDesk.
%% http://bibdesk.sourceforge.net/


%% Created for Ilya Moiseenko at 2012-12-05 11:32:34 -0800 


%% Saved with string encoding Unicode (UTF-8) 

@INPROCEEDINGS{Capabilities,
    author = {Tom Anderson},
    title = {Preventing Internet denial-of-service with capabilities},
    booktitle = {SIGCOMM Comput. Commun. Rev},
    year = {2003},
    pages = {2004}
}

@INPROCEEDINGS{Portcullis,
    author = {Bryan Parno and Adrian Perrig and Dan Wendlandt and Bruce Maggs and Elaine Shi and Yih-chun Hu},
    title = {Portcullis: Protecting connection setup from denial-of-capability attacks},
    booktitle = {In Proceedings of the ACM SIGCOMM},
    year = {2007}
}

@INPROCEEDINGS{Pushback,
    author = {John Ioannidis and Steven M. Bellovin},
    title = {Implementing Pushback: Router-Based Defense Against DDoS Attacks},
    booktitle = {In Proceedings of Network and Distributed System Security Symposium},
    year = {2002}
}

@article{RED,
	Author = {Sally Floyd and Van Jacobson},
	Date-Added = {2012-12-05 11:28:55 -0800},
	Date-Modified = {2012-12-05 11:30:39 -0800},
	Journal = {IEEE/ACM Transactions on Networking},
	Month = {August},
	Number = {4},
	Pages = {397--413},
	Title = {Random early detection gateways for congestion avoid- ance},
	Volume = {Vol. 1},
	Year = {1993}}

@article{tcp-survey,
	Author = {Alexander Afanasyev and Neil Tilley and Peter Reiher and Leonard Kleinrock},
	Date-Added = {2009-12-10 23:54:02 -0800},
	Date-Modified = {2010-06-10 14:42:37 -0700},
	Journal = {IEEE Communication Surveys and Tutorials},
	Keywords = {tcp},
	Month = {July},
	Number = {3},
	Title = {Host-to-host congestion control for {TCP}},
	Volume = {12},
	Year = {2010}}

@article{adaptive-forwarding,
	Author = {Cheng Yi and Alexander Afanasyev and Lan Wang and Beichuan Zhang and Lixia Zhang},
	Journal = {ACM Computer Communication Reviews},
	Month = {July},
	Number = {3},
	Pages = {62--67},
	Title = {Adaptive Forwarding in Named Data Networking},
	Volume = {42},
	Year = {2012}}

@techreport{ndn-tr,
	Author = {{L. Zhang et al.}},
	Date-Modified = {2012-12-04 04:39:27 +0000},
	Institution = {NDN Project},
	Month = {October},
	Number = {NDN-0001},
	Optmonth = {October},
	Optnumber = {NDN-0001},
	Title = {Named Data Networking {(NDN)} Project},
	Year = {2010}}

@inproceedings{ndn-conext,
	Author = {Van Jacobson and Diana K. Smetters and James D. Thornton and Michael F. Plass and Nicholas H. Briggs and Rebecca L. Braynard},
	Booktitle = {Proceedings of ACM CoNEXT},
	Date-Modified = {2012-12-04 04:39:22 +0000},
	Title = {Networking Named Content},
	Year = {2009}}

@techreport{ndnSIM,
	Author = {Alexander Afanasyev and Ilya Moiseenko and Lixia Zhang},
	Institution = {NDN Project},
	Month = {July},
	Number = {NDN-0005},
	Title = {{ndnSIM}: {NDN} simulator for {NS-3}},
	Url = {http://irl.cs.ucla.edu/ndnSIM.html},
	Year = {2012},
	Bdsk-Url-1 = {http://irl.cs.ucla.edu/ndnSIM.html}}

@article{zhang1990virtual,
	Author = {Zhang, L.},
	Journal = {CCR},
	Number = {4},
	Pages = {19--29},
	Title = {Virtual clock: A new traffic control algorithm for packet switching networks},
	Volume = {20},
	Year = {1990}}
